% Chapter 1: Introduction 

@Article{pmid36624542,
   Author="Guo, L.  and Kong, D.  and Liu, J.  and Zhan, L.  and Luo, L.  and Zheng, W.  and Zheng, Q.  and Chen, C.  and Sun, S. ",
   Title="{{B}reast cancer heterogeneity and its implication in personalized precision therapy}",
   Journal="Exp Hematol Oncol",
   Year="2023",
   Volume="12",
   Number="1",
   Pages="3",
   Month="Jan"
}

@Article{pmid31078431,
   Author="Duijf, P. H. G.  and Nanayakkara, D.  and Nones, K.  and Srihari, S.  and Kalimutho, M.  and Khanna, K. K. ",
   Title="{{M}echanisms of {G}enomic {I}nstability in {B}reast {C}ancer}",
   Journal="Trends Mol Med",
   Year="2019",
   Volume="25",
   Number="7",
   Pages="595--611",
   Month="Jul"
}

@Article{pmid36482272,
   Author="Rakha, E. A.  and Tse, G. M.  and Quinn, C. M. ",
   Title="{{A}n update on the pathological classification of breast cancer}",
   Journal="Histopathology",
   Year="2023",
   Volume="82",
   Number="1",
   Pages="5--16",
   Month="Jan"
}

@Article{pmid23395906,
   Author="Dawson, S. J.  and Rueda, O. M.  and Aparicio, S.  and Caldas, C. ",
   Title="{{A} new genome-driven integrated classification of breast cancer and its implications}",
   Journal="EMBO J",
   Year="2013",
   Volume="32",
   Number="5",
   Pages="617--628",
   Month="Mar"
}

@Article{pmid37564937,
   Author="Ochoa, S.  and Hernández-Lemus, E. ",
   Title="{{M}olecular mechanisms of multi-omic regulation in breast cancer}",
   Journal="Front Oncol",
   Year="2023",
   Volume="13",
   Pages="1148861"
}


@Article{pmid22522925,
   Author="Curtis, C. and Shah, S. P. and Chin, S. F. and Turashvili, G. and Rueda, O. M.  and Dunning, M. J.  and Speed, D.  and Lynch, A. G.  and Samarajiwa, S.  and Yuan, Y.  and Gräf, S. and Ha, G. and Haffari, G.  and Bashashati, A.  and Russell, R.  and McKinney, S. and {METABRIC Group} and Langer{\o{}}d, A.  and Green, A.  and Provenzano, E. and Wishart, G.  and Pinder, S.  and Watson, P.  and Markowetz, F.  and Murphy, L.  and Ellis, I.  and Purushotham, A. and B{\o{}}rresen-Dale, A. L.  and Brenton, J. D.  and Tavaré, S.  and Caldas, C.  and Aparicio, S.  and Caldas, C.  and Aparicio, S. ",
   Title="{{T}he genomic and transcriptomic architecture of 2,000 breast tumours reveals novel subgroups}",
   Journal="Nature",
   Year="2012",
   Volume="486",
   Number="7403",
   Pages="346--352",
   Month="Apr"
}

@Article{pmid31413819,
   Author="Hamdan, D.  and Nguyen, T. T.  and Leboeuf, C.  and Meles, S.  and Janin, A.  and Bousquet, G. ",
   Title="{{G}enomics applied to the treatment of breast cancer}",
   Journal="Oncotarget",
   Year="2019",
   Volume="10",
   Number="46",
   Pages="4786--4801",
   Month="Jul"
}

@Article{pmid23412801,
   Author="Ha, G.  and Shah, S. ",
   Title="{{D}istinguishing somatic and germline copy number events in cancer patient {D}{N}{A} hybridized to whole-genome {S}{N}{P} genotyping arrays}",
   Journal="Methods Mol Biol",
   Year="2013",
   Volume="973",
   Pages="355--372"
}

@Article{pmid19566914,
   Author="Shlien, A.  and Malkin, D. ",
   Title="{{C}opy number variations and cancer}",
   Journal="Genome Med",
   Year="2009",
   Volume="1",
   Number="6",
   Pages="62",
   Month="Jun"
}

@Article{pmid31874603,
   Author="Luo, F. ",
   Title="{{A} systematic evaluation of copy number alterations detection methods on real {S}{N}{P} array and deep sequencing data}",
   Journal="BMC Bioinformatics",
   Year="2019",
   Volume="20",
   Number="Suppl 25",
   Pages="692",
   Month="Dec"
}


@Article{pmid30526857,
   Author="Smith, J. C.  and Sheltzer, J. M. ",
   Title="{{S}ystematic identification of mutations and copy number alterations associated with cancer patient prognosis}",
   Journal="Elife",
   Year="2018",
   Volume="7",
   Month="Dec"
}

@Article{pmid20033038,
   Author="Stephens, P. J.  and McBride, D. J.  and Lin, M. L.  and Varela, I.  and Pleasance, E. D.  and Simpson, J. T.  and Stebbings, L. A.  and Leroy, C.  and Edkins, S.  and Mudie, L. J.  and Greenman, C. D.  and Jia, M.  and Latimer, C.  and Teague, J. W.  and Lau, K. W.  and Burton, J.  and Quail, M. A.  and Swerdlow, H.  and Churcher, C.  and Natrajan, R.  and Sieuwerts, A. M.  and Martens, J. W.  and Silver, D. P.  and d, A.  and Russnes, H. E.  and Foekens, J. A.  and Reis-Filho, J. S.  and van 't Veer, L.  and Richardson, A. L.  and B{\o{}}rresen-Dale, A. L.  and Campbell, P. J.  and Futreal, P. A.  and Stratton, M. R. ",
   Title="{{C}omplex landscapes of somatic rearrangement in human breast cancer genomes}",
   Journal="Nature",
   Year="2009",
   Volume="462",
   Number="7276",
   Pages="1005--1010",
   Month="Dec"
}

@Article{pmid27161491,
   Author="Pereira, B.  and Chin, S. F.  and Rueda, O. M.  and Vollan, H. K.  and Provenzano, E.  and Bardwell, H. A.  and Pugh, M.  and Jones, L.  and Russell, R.  and Sammut, S. J.  and Tsui, D. W.  and Liu, B.  and Dawson, S. J.  and Abraham, J.  and Northen, H.  and Peden, J. F.  and Mukherjee, A.  and Turashvili, G.  and Green, A. R.  and McKinney, S.  and Oloumi, A.  and Shah, S.  and Rosenfeld, N.  and Murphy, L.  and Bentley, D. R.  and Ellis, I. O.  and Purushotham, A.  and Pinder, S. E.  and B{\o{}}rresen, A. L.  and Earl, H. M.  and Pharoah, P. D.  and Ross, M. T.  and Aparicio, S.  and Caldas, C. ",
   Title="{{T}he somatic mutation profiles of 2,433 breast cancers refines their genomic and transcriptomic landscapes}",
   Journal="Nat Commun",
   Year="2016",
   Volume="7",
   Pages="11479",
   Month="May"
}

@Article{pmid30178746,
   Author="Hieronymus, H.  and Murali, R.  and Tin, A.  and Yadav, K.  and Abida, W.  and Moller, H.  and Berney, D.  and Scher, H.  and Carver, B.  and Scardino, P.  and Schultz, N.  and Taylor, B.  and Vickers, A.  and Cuzick, J.  and Sawyers, C. L. ",
   Title="{{T}umor copy number alteration burden is a pan-cancer prognostic factor associated with recurrence and death}",
   Journal="Elife",
   Year="2018",
   Volume="7",
   Month="Sep"
}

@Article{pmid31085648,
   Author="Stopsack, K. H.  and Whittaker, C. A.  and Gerke, T. A.  and Loda, M.  and Kantoff, P. W.  and Mucci, L. A.  and Amon, A. ",
   Title="{{A}neuploidy drives lethal progression in prostate cancer}",
   Journal="Proc Natl Acad Sci U S A",
   Year="2019",
   Volume="116",
   Number="23",
   Pages="11390--11395",
   Month="Jun"
}

@Article{pmid36806386,
   Author="Tao, Z.  and Wang, S.  and Wu, C.  and Wu, T.  and Zhao, X.  and Ning, W.  and Wang, G.  and Wang, J.  and Chen, J.  and Diao, K.  and Chen, F.  and Liu, X. S. ",
   Title="{{T}he repertoire of copy number alteration signatures in human cancer}",
   Journal="Brief Bioinform",
   Year="2023",
   Volume="24",
   Number="2",
   Month="Mar"
}

@Article{pmid28223433,
   Author="Torre, L. A.  and Islami, F.  and Siegel, R. L.  and Ward, E. M.  and Jemal, A. ",
   Title="{{G}lobal {C}ancer in {W}omen: {B}urden and {T}rends}",
   Journal="Cancer Epidemiol Biomarkers Prev",
   Year="2017",
   Volume="26",
   Number="4",
   Pages="444--457",
   Month="Apr"
}

@Article{pmid33538338,
   Author="Sung, H.  and Ferlay, J.  and Siegel, R. L.  and Laversanne, M.  and Soerjomataram, I.  and Jemal, A.  and Bray, F. ",
   Title="{{G}lobal {C}ancer {S}tatistics 2020: {G}{L}{O}{B}{O}{C}{A}{N} {E}stimates of {I}ncidence and {M}ortality {W}orldwide for 36 {C}ancers in 185 {C}ountries}",
   Journal="CA Cancer J Clin",
   Year="2021",
   Volume="71",
   Number="3",
   Pages="209--249",
   Month="May"
}

@Article{pmid28969709,
   Author="Akram, M.  and Iqbal, M.  and Daniyal, M.  and Khan, A. U. ",
   Title="{{A}wareness and current knowledge of breast cancer}",
   Journal="Biol Res",
   Year="2017",
   Volume="50",
   Number="1",
   Pages="33",
   Month="Oct"
}

@Article{pmid24716497,
   Author="Libson, S.  and Lippman, M. ",
   Title="{{A} review of clinical aspects of breast cancer}",
   Journal="Int Rev Psychiatry",
   Year="2014",
   Volume="26",
   Number="1",
   Pages="4--15",
   Month="Feb"
}

@Article{pmid19930975,
   Author="Bevers, T. B.  and Anderson, B. O.  and Bonaccio, E.  and Buys, S.  and Daly, M. B.  and Dempsey, P. J.  and Farrar, W. B.  and Fleming, I.  and Garber, J. E.  and Harris, R. E.  and Heerdt, A. S.  and Helvie, M.  and Huff, J. G.  and Khakpour, N.  and Khan, S. A.  and Krontiras, H.  and Lyman, G.  and Rafferty, E.  and Shaw, S.  and Smith, M. L.  and Tsangaris, T. N.  and Williams, C.  and Yankeelov, T.  and Bevers, T. B.  and Anderson, B. O.  and Bonaccio, E.  and Buys, S.  and Daly, M. B.  and Dempsey, P. J.  and Farrar, W. B.  and Fleming, I.  and Garber, J. E.  and Harris, R. E.  and Heerdt S, A. S.  and Helvie, M.  and Huff, J. G.  and Khakpour, N.  and Khan, S. A.  and Krontiras, H.  and Lyman, G.  and Rafferty, E.  and Shaw, S.  and Smith, M. L.  and Tsangaris, T. N.  and Williams, C.  and Yaneeklov, T. ",
   Title="{{N}{C}{C}{N} clinical practice guidelines in oncology: breast cancer screening and diagnosis}",
   Journal="J Natl Compr Canc Netw",
   Year="2009",
   Volume="7",
   Number="10",
   Pages="1060--1096",
   Month="Nov"
}

@Article{pmid28733194,
   Author="Russnes, H. G.  and Lingj{\ae}rde, O. C.  and B{\o{}}rresen-Dale, A. L.  and Caldas, C. ",
   Title="{{B}reast {C}ancer {M}olecular {S}tratification: {F}rom {I}ntrinsic {S}ubtypes to {I}ntegrative {C}lusters}",
   Journal="Am J Pathol",
   Year="2017",
   Volume="187",
   Number="10",
   Pages="2152--2162",
   Month="Oct"
}

@Article{pmid20520800,
   Author="Blows, F. M.  and Driver, K. E.  and Schmidt, M. K.  and Broeks, A.  and van Leeuwen, F. E.  and Wesseling, J.  and Cheang, M. C.  and Gelmon, K.  and Nielsen, T. O.  and Blomqvist, C.  and Heikkilä, P.  and Heikkinen, T.  and Nevanlinna, H.  and Akslen, L. A.  and Bégin, L. R.  and Foulkes, W. D.  and Couch, F. J.  and Wang, X.  and Cafourek, V.  and Olson, J. E.  and Baglietto, L.  and Giles, G. G.  and Severi, G.  and McLean, C. A.  and Southey, M. C.  and Rakha, E.  and Green, A. R.  and Ellis, I. O.  and Sherman, M. E.  and Lissowska, J.  and Anderson, W. F.  and Cox, A.  and Cross, S. S.  and Reed, M. W.  and Provenzano, E.  and Dawson, S. J.  and Dunning, A. M.  and Humphreys, M.  and Easton, D. F.  and García-Closas, M.  and Caldas, C.  and Pharoah, P. D.  and Huntsman, D. ",
   Title="{{S}ubtyping of breast cancer by immunohistochemistry to investigate a relationship between subtype and short and long term survival: a collaborative analysis of data for 10,159 cases from 12 studies}",
   Journal="PLoS Med",
   Year="2010",
   Volume="7",
   Number="5",
   Pages="e1000279",
   Month="May"
}

@Article{pmid10963602,
   Author="Perou, C. M.  and S{\o{}}rlie, T.  and Eisen, M. B.  and van de Rijn, M.  and Jeffrey, S. S.  and Rees, C. A.  and Pollack, J. R.  and Ross, D. T.  and Johnsen, H.  and Akslen, L. A.  and Fluge, O.  and Pergamenschikov, A.  and Williams, C.  and Zhu, S. X.  and Lønning, P. E.  and B{\o{}}rresen-Dale, A. L.  and Brown, P. O.  and Botstein, D. ",
   Title="{{M}olecular portraits of human breast tumours}",
   Journal="Nature",
   Year="2000",
   Volume="406",
   Number="6797",
   Pages="747--752",
   Month="Aug"
}

@Article{pmid28882552,
   Author="Nicolini, A.  and Ferrari, P.  and Duffy, M. J. ",
   Title="{{P}rognostic and predictive biomarkers in breast cancer: {P}ast, present and future}",
   Journal="Semin Cancer Biol",
   Year="2018",
   Volume="52",
   Number="Pt 1",
   Pages="56--73",
   Month="Oct"
}

@Article{pmid12829800,
   Author="S{\o{}}rlie, T.  and Tibshirani, R.  and Parker, J.  and Hastie, T.  and Marron, J. S.  and Nobel, A.  and Deng, S.  and Johnsen, H.  and Pesich, R.  and Geisler, S.  and Demeter, J.  and Perou, C. M.  and Lønning, P. E.  and Brown, P. O.  and B{\o{}}rresen-Dale, A. L.  and Botstein, D. ",
   Title="{{R}epeated observation of breast tumor subtypes in independent gene expression data sets}",
   Journal="Proc Natl Acad Sci U S A",
   Year="2003",
   Volume="100",
   Number="14",
   Pages="8418--8423",
   Month="Jul"
}

@Article{pmid11553815,
   Author="S{\o{}}rlie, T.  and Perou, C. M.  and Tibshirani, R.  and Aas, T.  and Geisler, S.  and Johnsen, H.  and Hastie, T.  and Eisen, M. B.  and van de Rijn, M.  and Jeffrey, S. S.  and Thorsen, T.  and Quist, H.  and Matese, J. C.  and Brown, P. O.  and Botstein, D.  and Lønning, P. E.  and B{\o{}}rresen-Dale, A. L. ",
   Title="{{G}ene expression patterns of breast carcinomas distinguish tumor subclasses with clinical implications}",
   Journal="Proc Natl Acad Sci U S A",
   Year="2001",
   Volume="98",
   Number="19",
   Pages="10869--10874",
   Month="Sep"
}

@Article{parker,
   Author="Parker, J. S.  and Mullins, M.  and Cheang, M. C.  and Leung, S.  and Voduc, D.  and Vickery, T.  and Davies, S.  and Fauron, C.  and He, X.  and Hu, Z.  and Quackenbush, J. F.  and Stijleman, I. J.  and Palazzo, J.  and Marron, J. S.  and Nobel, A. B.  and Mardis, E.  and Nielsen, T. O.  and Ellis, M. J.  and Perou, C. M.  and Bernard, P. S. ",
   Title="{{S}upervised risk predictor of breast cancer based on intrinsic subtypes}",
   Journal="J Clin Oncol",
   Year="2009",
   Volume="27",
   Number="8",
   Pages="1160--1167",
   Month="Mar"
}

@Article{micro1,
   Author="Sorlie, T.  and Tibshirani, R.  and Parker, J.  and Hastie, T.  and Marron, J. S.  and Nobel, A.  and Deng, S.  and Johnsen, H.  and Pesich, R.  and Geisler, S.  and Demeter, J.  and Perou, C. M.  and nning, P. E.  and Brown, P. O.  and rresen-Dale, A. L.  and Botstein, D. ",
   Title="{{R}epeated observation of breast tumor subtypes in independent gene expression data sets}",
   Journal="Proc Natl Acad Sci U S A",
   Year="2003",
   Volume="100",
   Number="14",
   Pages="8418--8423",
   Month="Jul"
}

@Article{micro3,
   Author="Hu, Z.  and Fan, C.  and Oh, D. S.  and Marron, J. S.  and He, X.  and Qaqish, B. F.  and Livasy, C.  and Carey, L. A.  and Reynolds, E.  and Dressler, L.  and Nobel, A.  and Parker, J.  and Ewend, M. G.  and Sawyer, L. R.  and Wu, J.  and Liu, Y.  and Nanda, R.  and Tretiakova, M.  and Ruiz Orrico, A.  and Dreher, D.  and Palazzo, J. P.  and Perreard, L.  and Nelson, E.  and Mone, M.  and Hansen, H.  and Mullins, M.  and Quackenbush, J. F.  and Ellis, M. J.  and Olopade, O. I.  and Bernard, P. S.  and Perou, C. M. ",
   Title="{{T}he molecular portraits of breast tumors are conserved across microarray platforms}",
   Journal="BMC Genomics",
   Year="2006",
   Volume="7",
   Pages="96",
   Month="Apr"
}

@Article{micro2,
   Author="Perreard, L.  and Fan, C.  and Quackenbush, J. F.  and Mullins, M.  and Gauthier, N. P.  and Nelson, E.  and Mone, M.  and Hansen, H.  and Buys, S. S.  and Rasmussen, K.  and Orrico, A. R.  and Dreher, D.  and Walters, R.  and Parker, J.  and Hu, Z.  and He, X.  and Palazzo, J. P.  and Olopade, O. I.  and Szabo, A.  and Perou, C. M.  and Bernard, P. S. ",
   Title="{{C}lassification and risk stratification of invasive breast carcinomas using a real-time quantitative {R}{T}-{P}{C}{R} assay}",
   Journal="Breast Cancer Res",
   Year="2006",
   Volume="8",
   Number="2",
   Pages="R23"
}

@Article{pmid17493263,
   Author="Herschkowitz, J. I.  and Simin, K.  and Weigman, V. J.  and Mikaelian, I.  and Usary, J.  and Hu, Z.  and Rasmussen, K. E.  and Jones, L. P.  and Assefnia, S.  and Chandrasekharan, S.  and Backlund, M. G.  and Yin, Y.  and Khramtsov, A. I.  and Bastein, R.  and Quackenbush, J.  and Glazer, R. I.  and Brown, P. H.  and Green, J. E.  and Kopelovich, L.  and Furth, P. A.  and Palazzo, J. P.  and Olopade, O. I.  and Bernard, P. S.  and Churchill, G. A.  and Van Dyke, T.  and Perou, C. M. ",
   Title="{{I}dentification of conserved gene expression features between murine mammary carcinoma models and human breast tumors}",
   Journal="Genome Biol",
   Year="2007",
   Volume="8",
   Number="5",
   Pages="R76"
}

@Article{pmid20813035,
   Author="Prat, A.  and Parker, J. S.  and Karginova, O.  and Fan, C.  and Livasy, C.  and Herschkowitz, J. I.  and He, X.  and Perou, C. M. ",
   Title="{{P}henotypic and molecular characterization of the claudin-low intrinsic subtype of breast cancer}",
   Journal="Breast Cancer Res",
   Year="2010",
   Volume="12",
   Number="5",
   Pages="R68"
}

@Article{pmid32286297,
   Author="Fougner, C.  and Bergholtz, H.  and Norum, J. H.  and S{\o{}}rlie, T. ",
   Title="{{R}e-definition of claudin-low as a breast cancer phenotype}",
   Journal="Nat Commun",
   Year="2020",
   Volume="11",
   Number="1",
   Pages="1787",
   Month="Apr"
}

@Article{TCGA,
   Author="{The Cancer Genome Atlas Network}",
   Title="{{C}omprehensive molecular portraits of human breast tumours}",
   Journal="Nature",
   Year="2012",
   Volume="490",
   Number="7418",
   Pages="61--70",
   Month="Oct"
}

@Article{pmid24402422,
   Author="Mulligan, J. M.  and Hill, L. A.  and Deharo, S.  and Irwin, G.  and Boyle, D.  and Keating, K. E.  and Raji, O. Y.  and McDyer, F. A.  and O'Brien, E.  and Bylesjo, M.  and Quinn, J. E.  and Lindor, N. M.  and Mullan, P. B.  and James, C. R.  and Walker, S. M.  and Kerr, P.  and James, J.  and Davison, T. S.  and Proutski, V.  and Salto-Tellez, M.  and Johnston, P. G.  and Couch, F. J.  and Paul Harkin, D.  and Kennedy, R. D. ",
   Title="{{I}dentification and validation of an anthracycline/cyclophosphamide-based chemotherapy response assay in breast cancer}",
   Journal="J Natl Cancer Inst",
   Year="2014",
   Volume="106",
   Number="1",
   Pages="djt335",
   Month="Jan"
}

@Article{pmid22588877,
   Author="Cerami, E.  and Gao, J.  and Dogrusoz, U.  and Gross, B. E.  and Sumer, S. O.  and Aksoy, B. A.  and Jacobsen, A.  and Byrne, C. J.  and Heuer, M. L.  and Larsson, E.  and Antipin, Y.  and Reva, B.  and Goldberg, A. P.  and Sander, C.  and Schultz, N. ",
   Title="{{T}he c{B}io cancer genomics portal: an open platform for exploring multidimensional cancer genomics data}",
   Journal="Cancer Discov",
   Year="2012",
   Volume="2",
   Number="5",
   Pages="401--404",
   Month="May"
}

@Article{pmid23550210,
   Author="Gao, J.  and Aksoy, B. A.  and Dogrusoz, U.  and Dresdner, G.  and Gross, B.  and Sumer, S. O.  and Sun, Y.  and Jacobsen, A.  and Sinha, R.  and Larsson, E.  and Cerami, E.  and Sander, C.  and Schultz, N. ",
   Title="{{I}ntegrative analysis of complex cancer genomics and clinical profiles using the c{B}io{P}ortal}",
   Journal="Sci Signal",
   Year="2013",
   Volume="6",
   Number="269",
   Pages="pl1",
   Month="Apr"
}

@Article{pmid14685227,
   Author="{International HapMap Consortium}",
   Title="{{T}he {I}nternational {H}ap{M}ap {P}roject}",
   Journal="Nature",
   Year="2003",
   Volume="426",
   Number="6968",
   Pages="789--796",
   Month="Dec"
}

@Article{pmid15475419,
   Author="Olshen, A. B.  and Venkatraman, E. S.  and Lucito, R.  and Wigler, M. ",
   Title="{{C}ircular binary segmentation for the analysis of array-based {D}{N}{A} copy number data}",
   Journal="Biostatistics",
   Year="2004",
   Volume="5",
   Number="4",
   Pages="557--572",
   Month="Oct"
}

@Article{pmid17234643,
   Author="Venkatraman, E. S.  and Olshen, A. B.",
   Title="{{A} faster circular binary segmentation algorithm for the analysis of array {C}{G}{H} data}",
   Journal="Bioinformatics",
   Year="2007",
   Volume="23",
   Number="6",
   Pages="657--663",
   Month="Mar"
}

 @Manual{DNAcopy,
    title = {DNAcopy: DNA Copy Number Data Analysis},
    author = {Venkatraman, E. S.  and Olshen, A. B.},
    year = {2023},
    note = {R package version 1.75.5},
    url = {https://bioconductor.org/packages/DNAcopy},
    doi = {10.18129/B9.bioc.DNAcopy},
  }


@Article{pmid34791407,
   Author="Freeberg, M. A.  and Fromont, L. A.  and D'Altri, T.  and Romero, A. F.  and Ciges, J. I.  and Jene, A.  and Kerry, G.  and Moldes, M.  and Ariosa, R.  and Bahena, S.  and Barrowdale, D.  and Barbero, M. C.  and Fernandez-Orth, D.  and Garcia-Linares, C.  and Garcia-Rios, E.  and Haziza, F.  and Juhasz, B.  and Llobet, O. M.  and Milla, G.  and Mohan, A.  and Rueda, M.  and Sankar, A.  and Shaju, D.  and Shimpi, A.  and Singh, B.  and Thomas, C.  and de la Torre, S.  and Uyan, U.  and Vasallo, C.  and Flicek, P.  and Guigo, R.  and Navarro, A.  and Parkinson, H.  and Keane, T.  and Rambla, J. ",
   Title="{{T}he {E}uropean {G}enome-phenome {A}rchive in 2021}",
   Journal="Nucleic Acids Res",
   Year="2022",
   Volume="50",
   Number="D1",
   Pages="D980-D987",
   Month="Jan"
}

% Chapter 2: CNAs as a measure of GI

@Article{pmid30736983,
   Author="Kalimutho, M.  and Nones, K.  and Srihari, S.  and Duijf, P. H. G.  and Waddell, N.  and Khanna, K. K. ",
   Title="{{P}atterns of {G}enomic {I}nstability in {B}reast {C}ancer}",
   Journal="Trends Pharmacol Sci",
   Year="2019",
   Volume="40",
   Number="3",
   Pages="198--211",
   Month="Mar"
}

@Article{pmid31956294,
   Author="Li, K.  and Luo, H.  and Huang, L.  and Luo, H.  and Zhu, X. ",
   Title="{{M}icrosatellite instability: a review of what the oncologist should know}",
   Journal="Cancer Cell Int",
   Year="2020",
   Volume="20",
   Pages="16"
}

@Article{pmid26907526,
   Author="Lee, J. K.  and Choi, Y. L.  and Kwon, M.  and Park, P. J. ",
   Title="{{M}echanisms and {C}onsequences of {C}ancer {G}enome {I}nstability: {L}essons from {G}enome {S}equencing {S}tudies}",
   Journal="Annu Rev Pathol",
   Year="2016",
   Volume="11",
   Pages="283--312",
   Month="May"
}

@Article{pmid35022204,
   Author="Hanahan, D. ",
   Title="{{H}allmarks of {C}ancer: {N}ew {D}imensions}",
   Journal="Cancer Discov",
   Year="2022",
   Volume="12",
   Number="1",
   Pages="31--46",
   Month="Jan"
}


@Article{pmid32242091,
   Author="Pladsen, A. V.  and Nilsen, G.  and Rueda, O. M.  and Aure, M. R.  and Borgan, {\O{}}.  and Liest{\o{}}l, K.  and Vitelli, V.  and Frigessi, A.  and Langer{\o{}}d, A.  and Mathelier, A. and OSBREAC and Engebråten, O.  and Kristensen, V.  and Wedge, D. C.  and Van Loo, P.  and Caldas, C.  and B{\o{}}rresen-Dale, A. L.  and Russnes, H. G.  and Lingj{\ae}rde, O. C. ",
   Title="{{D}{N}{A} copy number motifs are strong and independent predictors of survival in breast cancer}",
   Journal="Commun Biol",
   Year="2020",
   Volume="3",
   Number="1",
   Pages="153",
   Month="Apr"
}

@Article{pmid17142309,
   Author="Hicks, J.  and Krasnitz, A.  and Lakshmi, B.  and Navin, N. E.  and Riggs, M.  and Leibu, E.  and Esposito, D.  and Alexander, J.  and Troge, J.  and Grubor, V.  and Yoon, S.  and Wigler, M.  and Ye, K.  and B{\o{}}rresen-Dale, A. L.  and Naume, B.  and Schlicting, E.  and Norton, L.  and Hägerström, T.  and Skoog, L.  and Auer, G.  and Månér, S.  and Lundin, P.  and Zetterberg, A. ",
   Title="{{N}ovel patterns of genome rearrangement and their association with survival in breast cancer}",
   Journal="Genome Res",
   Year="2006",
   Volume="16",
   Number="12",
   Pages="1465--1479",
   Month="Dec"
}

@Article{pmid27136393,
   Author="Morganella, S.  and Alexandrov, L. B.  and Glodzik, D.  and Zou, X.  and Davies, H.  and Staaf, J.  and Sieuwerts, A. M.  and Brinkman, A. B.  and Martin, S.  and Ramakrishna, M.  and Butler, A.  and Kim, H. Y.  and Borg, {\AA}.  and Sotiriou, C.  and Futreal, P. A.  and Campbell, P. J.  and Span, P. N.  and Van Laere, S.  and Lakhani, S. R.  and Eyfjord, J. E.  and Thompson, A. M.  and Stunnenberg, H. G.  and van de Vijver, M. J.  and Martens, J. W.  and B{\o{}}rresen-Dale, A. L.  and Richardson, A. L.  and Kong, G.  and Thomas, G.  and Sale, J.  and Rada, C.  and Stratton, M. R.  and Birney, E.  and Nik-Zainal, S. ",
   Title="{{T}he topography of mutational processes in breast cancer genomes}",
   Journal="Nat Commun",
   Year="2016",
   Volume="7",
   Pages="11383",
   Month="May"
}

@Article{pmid12297621,
   Author="Pollack, J. R.  and S{\o{}}rlie, T.  and Perou, C. M.  and Rees, C. A.  and Jeffrey, S. S.  and Lønning, P. E.  and Tibshirani, R.  and Botstein, D.  and B{\o{}}rresen-Dale, A. L.  and Brown, P. O. ",
   Title="{{M}icroarray analysis reveals a major direct role of {D}{N}{A} copy number alteration in the transcriptional program of human breast tumors}",
   Journal="Proc Natl Acad Sci U S A",
   Year="2002",
   Volume="99",
   Number="20",
   Pages="12963--12968",
   Month="Oct"
}

@Article{pmid16921376,
   Author="Carter, S. L.  and Eklund, A. C.  and Kohane, I. S.  and Harris, L. N.  and Szallasi, Z. ",
   Title="{{A} signature of chromosomal instability inferred from gene expression profiles predicts clinical outcome in multiple human cancers}",
   Journal="Nat Genet",
   Year="2006",
   Volume="38",
   Number="9",
   Pages="1043--1048",
   Month="Sep"
}

@Article{pmid17289997,
   Author="Stranger, B. E.  and Forrest, M. S.  and Dunning, M.  and Ingle, C. E.  and Beazley, C.  and Thorne, N.  and Redon, R.  and Bird, C. P.  and de Grassi, A.  and Lee, C.  and Tyler-Smith, C.  and Carter, N.  and Scherer, S. W.  and Tavaré, S.  and Deloukas, P.  and Hurles, M. E.  and Dermitzakis, E. T. ",
   Title="{{R}elative impact of nucleotide and copy number variation on gene expression phenotypes}",
   Journal="Science",
   Year="2007",
   Volume="315",
   Number="5813",
   Pages="848--853",
   Month="Feb"
}

@Article{pmid32024838,
   Author="Bhattacharya, A.  and Bense, R. D.  and Urzúa-Traslaviña, C. G.  and de Vries, E. G. E.  and van Vugt, M. A. T. M.  and Fehrmann, R. S. N. ",
   Title="{{T}ranscriptional effects of copy number alterations in a large set of human cancers}",
   Journal="Nat Commun",
   Year="2020",
   Volume="11",
   Number="1",
   Pages="715",
   Month="Feb"
}

@Article{pmid20632083,
   Author="Smid, M.  and Hoes, M.  and Sieuwerts, A. M.  and Sleijfer, S.  and Zhang, Y.  and Wang, Y.  and Foekens, J. A.  and Martens, J. W. ",
   Title="{{P}atterns and incidence of chromosomal instability and their prognostic relevance in breast cancer subtypes}",
   Journal="Breast Cancer Res Treat",
   Year="2011",
   Volume="128",
   Number="1",
   Pages="23--30",
   Month="Jul"
}

@Article{pmid27577169,
   Author="Zhang, W.  and Mao, J. H.  and Zhu, W.  and Jain, A. K.  and Liu, K.  and Brown, J. B.  and Karpen, G. H. ",
   Title="{{C}entromere and kinetochore gene misexpression predicts cancer patient survival and response to radiotherapy and chemotherapy}",
   Journal="Nat Commun",
   Year="2016",
   Volume="7",
   Pages="12619",
   Month="Aug"
}

@Article{pmid19002142,
   Author="Allshire, R. C.  and Karpen, G. H. ",
   Title="{{E}pigenetic regulation of centromeric chromatin: old dogs, new tricks?}",
   Journal="Nat Rev Genet",
   Year="2008",
   Volume="9",
   Number="12",
   Pages="923--937",
   Month="Dec"
}

@Article{pmid29343938,
   Author="Song, L.  and Bhuvaneshwar, K.  and Wang, Y.  and Feng, Y.  and Shih, I. M.  and Madhavan, S.  and Gusev, Y. ",
   Title="{{C}{I}{N}dex: {A} {B}ioconductor {P}ackage for {A}nalysis of {C}hromosome {I}nstability in {D}{N}{A} {C}opy {N}umber {D}ata}",
   Journal="Cancer Inform",
   Year="2017",
   Volume="16",
   Pages="1176935117746637"
}

@Manual{CINdex,
    title = {CINdex: Chromosome Instability Index},
    author = "Song, L.  and Bhuvaneshwar, K.  and Wang, Y.  and Feng, Y.  and Shih, I. M.  and Madhavan, S.  and Gusev, Y. ",
    year = {2022},
    note = {R package version 1.24.0},
}
  
@Article{pmid20592421,
   Author="Russnes, H. G.  and Vollan, H. K. M.  and Lingj{\ae}rde, O. C.  and Krasnitz, A.  and Lundin, P.  and Naume, B.  and S{\o{}}rlie, T.  and Borgen, E.  and Rye, I. H.  and Langer{\o{}}d, A.  and Chin, S. F.  and Teschendorff, A. E.  and Stephens, P. J.  and Månér, S.  and Schlichting, E.  and Baumbusch, L. O.  and Kåresen, R.  and Stratton, M. P.  and Wigler, M.  and Caldas, C.  and Zetterberg, A.  and Hicks, J.  and B{\o{}}rresen-Dale, A. L. ",
   Title="{{G}enomic architecture characterizes tumor progression paths and fate in breast cancer patients}",
   Journal="Sci Transl Med",
   Year="2010",
   Volume="2",
   Number="38",
   Pages="38ra47",
   Month="Jun"
}

@Article{pmid25169931,
   Author="Vollan, H. K.  and Rueda, O. M.  and Chin, S. F.  and Curtis, C.  and Turashvili, G.  and Shah, S.  and Lingj{\ae}rde, O. C.  and Yuan, Y.  and Ng, C. K.  and Dunning, M. J.  and Dicks, E.  and Provenzano, E.  and Sammut, S.  and McKinney, S.  and Ellis, I. O.  and Pinder, S.  and Purushotham, A.  and Murphy, L. C.  and Kristensen, V. N. and {METABRIC Group} and Brenton, J. D.  and Pharoah, P. D.  and B{\o{}}rresen-Dale, A. L.  and Aparicio, S.  and Caldas, C. ",
   Title="{{A} tumor {D}{N}{A} complex aberration index is an independent predictor of survival in breast and ovarian cancer}",
   Journal="Mol Oncol",
   Year="2015",
   Volume="9",
   Number="1",
   Pages="115--127",
   Month="Jan"
}

@Article{pmid25024180,
   Author="Hieronymus, H.  and Schultz, N.  and Gopalan, A.  and Carver, B. S.  and Chang, M. T.  and Xiao, Y.  and Heguy, A.  and Huberman, K.  and Bernstein, M.  and Assel, M.  and Murali, R.  and Vickers, A.  and Scardino, P. T.  and Sander, C.  and Reuter, V.  and Taylor, B. S.  and Sawyers, C. L. ",
   Title="{{C}opy number alteration burden predicts prostate cancer relapse}",
   Journal="Proc Natl Acad Sci U S A",
   Year="2014",
   Volume="111",
   Number="30",
   Pages="11139--11144",
   Month="Jul"
}

@Article{pmid30337938,
   Author="Zhang, L.  and Feizi, N.  and Chi, C.  and Hu, P. ",
   Title="{{A}ssociation {A}nalysis of {S}omatic {C}opy {N}umber {A}lteration {B}urden {W}ith {B}reast {C}ancer {S}urvival}",
   Journal="Front Genet",
   Year="2018",
   Volume="9",
   Pages="421"
} 

@Article{pmid17925008,
   Author="Chin, S. F.  and Teschendorff, A. E.  and Marioni, J. C.  and Wang, Y.  and Barbosa-Morais, N. L.  and Thorne, N. P.  and Costa, J. L.  and Pinder, S. E.  and van de Wiel, M. A.  and Green, A. R.  and Ellis, I. O.  and Porter, P. L.  and Tavaré, S.  and Brenton, J. D.  and Ylstra, B.  and Caldas, C. ",
   Title="{{H}igh-resolution a{C}{G}{H} and expression profiling identifies a novel genomic subtype of {E}{R} negative breast cancer}",
   Journal="Genome Biol",
   Year="2007",
   Volume="8",
   Number="10",
   Pages="R215"
}

@Article{pmid18077431,
   Author="Beroukhim, R.  and Getz, G.  and Nghiemphu, L.  and Barretina, J.  and Hsueh, T.  and Linhart, D.  and Vivanco, I.  and Lee, J. C.  and Huang, J. H.  and Alexander, S.  and Du, J.  and Kau, T.  and Thomas, R. K.  and Shah, K.  and Soto, H.  and Perner, S.  and Prensner, J.  and Debiasi, R. M.  and Demichelis, F.  and Hatton, C.  and Rubin, M. A.  and Garraway, L. A.  and Nelson, S. F.  and Liau, L.  and Mischel, P. S.  and Cloughesy, T. F.  and Meyerson, M.  and Golub, T. A.  and Lander, E. S.  and Mellinghoff, I. K.  and Sellers, W. R. ",
   Title="{{A}ssessing the significance of chromosomal aberrations in cancer: methodology and application to glioma}",
   Journal="Proc Natl Acad Sci U S A",
   Year="2007",
   Volume="104",
   Number="50",
   Pages="20007--20012",
   Month="Dec"
}

@Article{pmid21527027,
   Author="Mermel, C. H.  and Schumacher, S. E.  and Hill, B.  and Meyerson, M. L.  and Beroukhim, R.  and Getz, G. ",
   Title="{{G}{I}{S}{T}{I}{C}2.0 facilitates sensitive and confident localization of the targets of focal somatic copy-number alteration in human cancers}",
   Journal="Genome Biol",
   Year="2011",
   Volume="12",
   Number="4",
   Pages="R41"
}

@Manual{Overlap,
    title = {overlapping: Estimation of Overlapping in Empirical Distributions},
    author = {Pastore, M. and Alaimo Di Loro, P. and Mingione, M. and Calcagni, A.},
    year = {2022},
    note = {R package version 2.1},
    url = {https://CRAN.R-project.org/package=overlapping},
}

@Article{pmid20576095,
   Author="Jönsson, G.  and Staaf, J.  and Vallon-Christersson, J.  and Ringnér, M.  and Holm, K.  and Hegardt, C.  and Gunnarsson, H.  and Fagerholm, R.  and Strand, C.  and Agnarsson, B. A.  and Kilpivaara, O.  and Luts, L.  and Heikkilä, P.  and Aittomäki, K.  and Blomqvist, C.  and Loman, N.  and Malmström, P.  and Olsson, H.  and Johannsson, O. T.  and Arason, A.  and Nevanlinna, H.  and Barkardottir, R. B.  and Borg, A. ",
   Title="{{G}enomic subtypes of breast cancer identified by array-comparative genomic hybridization display distinct molecular and clinical characteristics}",
   Journal="Breast Cancer Res",
   Year="2010",
   Volume="12",
   Number="3",
   Pages="R42"
}

% Chapter 3: Survival 
@book{moore_2016,
title={Applied Survival Analysis Using R},
publisher={Springer},
author={Moore, D.},
year={2016}}

@book{kleinbaum_klein_2012,
place={New York},
title={Survival Analysis: A Self-Learning Text},
publisher={Springer},
author={Kleinbaum, D. G. and Klein, M.},
year={2012}}

@Article{pmid25220693,
   Author="Crowther, M. J.  and Lambert, P. C. ",
   Title="{{A} general framework for parametric survival analysis}",
   Journal="Stat Med",
   Year="2014",
   Volume="33",
   Number="30",
   Pages="5280--5297",
   Month="Dec"
}

@article{kaplan58,
  added-at = {2010-10-11T23:06:25.000+0200},
  author = {Kaplan, E. L. and Meier, P.},
  biburl = {https://www.bibsonomy.org/bibtex/2c0e002e1e1ef00cd6d5672108afc2be7/kurtmiller},
  interhash = {131799debc7d972c326b490b8dad00c1},
  intrahash = {c0e002e1e1ef00cd6d5672108afc2be7},
  journal = {J Am Stat Assoc},
  keywords = {imported},
  number = 282,
  pages = {457--481},
  timestamp = {2010-10-11T23:06:29.000+0200},
  title = {Nonparametric Estimation from Incomplete Observations},
  volume = 53,
  year = 1958
}

@Article{pmid15117797,
   Author="Bland, J. M.  and Altman, D. G. ",
   Title="{{T}he logrank test}",
   Journal="BMJ",
   Year="2004",
   Volume="328",
   Number="7447",
   Pages="1073",
   Month="May"
}

@Article{pmid31896241,
   Author="Lee, S.  and Lim, H. ",
   Title="{{R}eview of statistical methods for survival analysis using genomic data}",
   Journal="Genomics Inform",
   Year="2019",
   Volume="17",
   Number="4",
   Pages="e41",
   Month="Dec"
}
  
@Article{pmid35070171,
   Author="Zeng, Z.  and Gao, Y.  and Li, J.  and Zhang, G.  and Sun, S.  and Wu, Q.  and Gong, Y.  and Xie, C. ",
   Title="{{V}iolations of proportional hazard assumption in {C}ox regression model of transcriptomic data in {T}{C}{G}{A} pan-cancer cohorts}",
   Journal="Comput Struct Biotechnol J",
   Year="2022",
   Volume="20",
   Pages="496--507"
}

@article{Cox,
 ISSN = {00359246},
 URL = {http://www.jstor.org/stable/2985181},
 abstract = {The analysis of censored failure times is considered. It is assumed that on each individual are available values of one or more explanatory variables. The hazard function (age-specific failure rate) is taken to be a function of the explanatory variables and unknown regression coefficients multiplied by an arbitrary and unknown function of time. A conditional likelihood is obtained, leading to inferences about the unknown regression coefficients. Some generalizations are outlined.},
 author = {Cox, D. R.},
 journal = {J R Stat Soc Series B Methodol},
 number = {2},
 pages = {187--220},
 publisher = {[Royal Statistical Society, Wiley]},
 title = {Regression Models and Life-Tables},
 urldate = {2023-11-12},
 volume = {34},
 year = {1972}
}

@article{Patil_Dessai_2019, 
title={Testing and interpreting assumptions of Cox regression analysis}, 
volume={2}, 
DOI={10.4103/crst.crst_40_19}, 
number={1}, 
journal={Cancer Res Stat Treat}, 
author={Patil, V. and Dessai, S.}, 
year={2019}, 
pages={108}
} 

@article{Morgan_Sonquist_1963, 
title={Problems in the analysis of survey data, and a proposal}, 
volume={58}, 
DOI={10.1080/01621459.1963.10500855}, 
number={302}, 
journal={J Am Stat Assoc}, 
author={Morgan, J. N. and Sonquist, J. A.}, 
year={1963}, 
pages={415–434}} 

@article{bb_2011, 
title={A review of Survival Trees}, 
volume={5}, 
DOI={10.1214/09-ss047}, 
number={none}, 
journal={Stat Surv}, 
author={Bou-Hamad, I. and Larocque, D. and Ben-Ameur, H.}, 
year={2011}} 

@techreport{therneau1997introduction,
  title={An introduction to recursive partitioning using the RPART routines},
  author={Therneau, T. M. and Atkinson, E. J. and {Mayo Foundation}},
  year={2022},
  institution={Technical report Mayo Foundation}
}

@book{breiman_1984,
place={New York},
title={Classification and regression trees},
publisher={CRC Press},
author={Breiman, L. and Friedman, J. H. and Olshen, R. A. and Stone, C. J.},
year={1984}}

@article{hothorn_hornik_zeileis_2006,
title={Unbiased Recursive Partitioning: A Conditional Inference Framework},
volume={15},
DOI={10.1198/106186006x133933},
number={3},
journal={J Comput Graph Stat},
author={Hothorn, T. and Hornik, K. and Zeileis, A.},
year={2006},
pages={651-674}}

@Article{ctree1,
  title = {{partykit}: A Modular Toolkit for Recursive Partytioning in {R}},
  author = {Hothorn, T. and Zeileis, A.},
  journal = {J Mach Learn Res},
  year = {2015},
  volume = {16},
  pages = {3905-3909},
  url = {https://jmlr.org/papers/v16/hothorn15a.html},
}

@Article{pmid27341628,
   Author="Tishchenko, I.  and Milioli, H. H.  and Riveros, C.  and Moscato, P. ",
   Title="{{E}xtensive {T}ranscriptomic and {G}enomic {A}nalysis {P}rovides {N}ew {I}nsights about {L}uminal {B}reast {C}ancers}",
   Journal="PLoS One",
   Year="2016",
   Volume="11",
   Number="6",
   Pages="e0158259"
}

@book{PfefferUlrich2013CGMc,
abstract = {The combination of molecular biology, engineering and bioinformatics has revolutionized our understanding of cancer revealing a tight correlation of the molecular characteristics of the primary tumor in terms of gene expression, structural alterations of the genome, epigenetics and mutations with its propensity to metastasize and to respond to therapy. It is not just one or a few genes, it is the complex alteration of the genome that determines cancer development and progression. Future management of cancer patients will therefore rely on thorough molecular analyses of each single case. Through this book, students, researchers and oncologists will obtain a comprehensive picture of what the first ten years of cancer genomics have revealed. Experts in the field describe, cancer by cancer, the progress made and its implications for diagnosis, prognosis and treatment of cancer. The deep impact on the clinics and the challenge for future translational research become evident.},
volume = {9789400758421},
publisher = {Springer Netherlands},
booktitle = {Cancer Genomics},
isbn = {9400758413},
year = {2013},
title = {Cancer Genomics: Molecular classification, prognosis and response prediction},
edition = {1. Aufl.},
copyright = {Springer Science+Business Media Dordrecht 2013},
language = {eng},
address = {Dordrecht},
author = {Ulrich, P.},
keywords = {Biomedical and Life Sciences ; Biomedicine ; Biomedicine general ; Cancer ; Cancer Research ; Gene Expression ; Genetic aspects ; Microarrays ; Molecular Medicine},
}

@Article{pmid18662380,
   Author="Wirapati, P.  and Sotiriou, C.  and Kunkel, S.  and Farmer, P.  and Pradervand, S.  and Haibe-Kains, B.  and Desmedt, C.  and Ignatiadis, M.  and Sengstag, T.  and Schütz, F.  and Goldstein, D. R.  and Piccart, M.  and Delorenzi, M. ",
   Title="{{M}eta-analysis of gene expression profiles in breast cancer: toward a unified understanding of breast cancer subtyping and prognosis signatures}",
   Journal="Breast Cancer Res",
   Year="2008",
   Volume="10",
   Number="4",
   Pages="R65"
}

@Article{pmid30849944,
   Author="Kumar, N.  and Zhao, D.  and Bhaumik, D.  and Sethi, A.  and Gann, P. H. ",
   Title="{{Q}uantification of intrinsic subtype ambiguity in {L}uminal {A} breast cancer and its relationship to clinical outcomes}",
   Journal="BMC Cancer",
   Year="2019",
   Volume="19",
   Number="1",
   Pages="215",
   Month="Mar"
}

@Article{pmid37253056,
   Author="Wang, S.  and Lee, D. ",
   Title="{{I}dentifying prognostic subgroups of luminal-{A} breast cancer using deep autoencoders and gene expressions}",
   Journal="PLoS Comput Biol",
   Year="2023",
   Volume="19",
   Number="5",
   Pages="e1011197",
   Month="May"
}

@Article{pmid26679376,
   Author="Sung, H.  and Garcia-Closas, M.  and Chang-Claude, J.  and Blows, F. M.  and Ali, H. R.  and Figueroa, J.  and Nevanlinna, H.  and Fagerholm, R.  and Heikkilä, P.  and Blomqvist, C.  and Giles, G. G.  and Milne, R. L.  and Southey, M. C.  and McLean, C.  and Mannermaa, A.  and Kosma, V. M.  and Kataja, V.  and Sironen, R.  and Couch, F. J.  and Olson, J. E.  and Hallberg, E.  and Olswold, C.  and Cox, A.  and Cross, S. S.  and Kraft, P.  and Tamimi, R. M.  and Eliassen, A. H.  and Schmidt, M. K.  and Bolla, M. K.  and Wang, Q.  and Easton, D.  and Howat, W. J.  and Coulson, P.  and Pharoah, P. D.  and Sherman, M. E.  and Yang, X. R. ",
   Title="{{H}eterogeneity of luminal breast cancer characterised by immunohistochemical expression of basal markers}",
   Journal="Br J Cancer",
   Year="2016",
   Volume="114",
   Number="3",
   Pages="298--304",
   Month="Feb"
}

@book{Keith_2019, 
 place={New York, NY}, 
 title={Multiple regression and beyond: An introduction to multiple regression and structural equation modeling},
 publisher={Routledge},
 author={Keith, T. Z.}, 
 year={2019}
 } 

% GNOSIS 
@Article{tidyverse,
    title = {Welcome to the tidyverse},
    author = {Wickham, H. and Averick, M. and Bryan, J. and Chang, W. and McGowan, L. and François, R. and Grolemund, G. and Hayes, A. and Henry, L. and Hester, J. and Kuhn, M. and Pedersen, T. L. and Miller, E. and Bache, S. M. and Müller, K. and Ooms, J. and Robinson, D and Seidel, D. P. and Spinu, V. and Takahashi, K. and Vaughan, D. and Wilke, C. and Woo, K. and Yutani, H.},
    year = {2019},
    journal = {J Open Source Softw},
    volume = {4},
    number = {43},
    pages = {1686},
    doi = {10.21105/joss.01686}
 }
  
@Manual{shiny,
    title = {shiny: Web Application Framework for R},
    author = {Chang, W. and Cheng, J. and Allaire, JJ. and Sievert, C. and Schloerke, B. and Xie, Y. and Allen, J. and McPherson, J. and Dipert, A. and Borges, B.},
    year = {2022},
    note = {R package version 1.7.4},
    url = {https://CRAN.R-project.org/package=shiny},
 }
  
@Book{ggplot2,
    author = {Wickham, H.},
    title = {ggplot2: Elegant Graphics for Data Analysis},
    publisher = {Springer-Verlag New York},
    year = {2016},
    isbn = {978-3-319-24277-4},
    url = {https://ggplot2.tidyverse.org},
 }
  
@Manual{survival,
    title = {A Package for Survival Analysis in R},
    author = {Therneau, T. M.},
    year = {2023},
    note = {R package version 3.5-3},
    url = {https://CRAN.R-project.org/package=survival},
 }
  
  
@Manual{survminer,
    title = {survminer: Drawing Survival Curves using 'ggplot2'},
    author = {Kassambara, A. and Kosinski, M. and Biecek, P.},
    year = {2021},
    note = {R package version 0.4.9},
    url = {https://CRAN.R-project.org/package=survminer},
 }
  
@Manual{rpart,
    title = {rpart: Recursive Partitioning and Regression Trees},
    author = {Therneau, T. and Atkinson, B.},
    year = {2022},
    note = {R package version 4.1.19},
    url = {https://CRAN.R-project.org/package=rpart},
  }
  
  
@Article{maftools,
    title = {Maftools: efficient and comprehensive analysis of somatic variants in cancer.},
    author = {Mayakonda, A. and Lin, D. and Assenov, Y. and Plass, C. and Koeffler, P. H.},
    journal = {Genome Res},
    year = {2018},
    doi = {http://dx.doi.org/10.1101/gr.239244.118},
  }
  
  
@Article{King_GNOSIS,
   Author="King, L.  and Flaus, A.  and Coughlan, S.  and Holian, E.  and Golden, A. ",
   Title="{{G}{N}{O}{S}{I}{S}: an {R} {S}hiny app supporting cancer genomics survival analysis with c{B}io{P}ortal}",
   Journal="HRB Open Res",
   Year="2022",
   Volume="5",
   Pages="8"
}

 @Manual{BiocManager,
    title = {BiocManager: Access the Bioconductor Project Package Repository},
    author = {Morgan, M. and Ramos, M.},
    year = {2023},
    note = {R package version 1.30.21},
    url = {https://CRAN.R-project.org/package=BiocManager},
  }
  
@Manual{shinymeta,
    title = {shinymeta: Export Domain Logic from Shiny using Meta-Programming},
    author = {Cheng, J. and Sievert, C.},
    year = {2021},
    note = {R package version 0.2.0.3},
    url = {https://CRAN.R-project.org/package=shinymeta},
  }
  
@Manual{shinydashboard,
    title = {shinydashboard: Create Dashboards with 'Shiny'},
    author = {Chang, W. and Borges Ribeiro, B.},
    year = {2021},
    note = {R package version 0.7.2},
    url = {https://CRAN.R-project.org/package=shinydashboard},
  }
  
@Manual{dashboardthemes,
    title = {dashboardthemes: Customise the Appearance of 'shinydashboard' Applications using
Themes},
    author = {Lilovski, N.},
    year = {2022},
    note = {R package version 1.1.6},
    url = {https://CRAN.R-project.org/package=dashboardthemes},
}
  
@Manual{shinydashboardPlus,
    title = {shinydashboardPlus: Add More 'AdminLTE2' Components to 'shinydashboard'},
    author = {Granjon, D.},
    year = {2021},
    note = {R package version 2.0.3},
    url = {https://CRAN.R-project.org/package=shinydashboardPlus},
  }
  
@Manual{shinyWidgets,
    title = {shinyWidgets: Custom Inputs Widgets for Shiny},
    author = {Perrier, V. and Meyer, F. and Granjon, D.},
    year = {2023},
    note = {R package version 0.7.6},
    url = {https://CRAN.R-project.org/package=shinyWidgets},
  }
  
@Manual{shinycssloaders,
    title = {shinycssloaders: Add Loading Animations to a 'shiny' Output While It's
Recalculating},
    author = {Sali, A. and Attali, D.},
    year = {2020},
    note = {R package version 1.0.0},
    url = {https://CRAN.R-project.org/package=shinycssloaders},
  }
  
@Manual{shinylogs,
    title = {shinylogs: Record Everything that Happens in a 'Shiny' Application},
    author = {Meyer, F. and Perrier, V.},
    year = {2022},
    note = {R package version 0.2.1},
    url = {https://CRAN.R-project.org/package=shinylogs},
  }
  
@Manual{fontawesome,
    title = {fontawesome: Easily Work with 'Font Awesome' Icons},
    author = {Iannone, R.},
    year = {2023},
    note = {R package version 0.5.1},
    url = {https://CRAN.R-project.org/package=fontawesome},
  }
  
@Manual{DT,
    title = {DT: A Wrapper of the JavaScript Library 'DataTables'},
    author = {Xie, Y. and Cheng, J. and Tan, X.},
    year = {2023},
    note = {R package version 0.28},
    url = {https://CRAN.R-project.org/package=DT},
  }
  
@Article{cBioPortalData,
   Author="Ramos, M.  and Geistlinger, L.  and Oh, S.  and Schiffer, L.  and Azhar, R.  and Kodali, H.  and de Bruijn, I.  and Gao, J.  and Carey, V. J.  and Morgan, M.  and Waldron, L. ",
   Title="{{M}ultiomic {I}ntegration of {P}ublic {O}ncology {D}atabases in {B}ioconductor}",
   Journal="JCO Clin Cancer Inform",
   Year="2020",
   Volume="4",
   Pages="958--971",
   Month="Oct"
}

@Manual{fabricatr,
    title = {fabricatr: Imagine Your Data Before You Collect It},
    author = {Blair, G. and Cooper, J. and Coppock, A. and Humphreys, M. and Rudkin, A. and Fultz, N.},
    year = {2022},
    note = {R package version 1.0.0},
    url = {https://CRAN.R-project.org/package=fabricatr},
  }
  
@Article{reshape2,
    title = {Reshaping Data with the {reshape} Package},
    author = {Wickham, H.},
    journal = {Journal of Statistical Software},
    year = {2007},
    volume = {21},
    number = {12},
    pages = {1--20},
    url = {http://www.jstatsoft.org/v21/i12/},
  }
  
@Manual{operator.tools,
    title = {operator.tools: Utilities for Working with R's Operators},
    author = {Brown, C.},
    year = {2017},
    note = {R package version 1.6.3},
    url = {https://CRAN.R-project.org/package=operator.tools},
  }
  
@Manual{rpart.plot,
    title = {rpart.plot: Plot 'rpart' Models: An Enhanced Version of 'plot.rpart'},
    author = {Milborrow, S.},
    year = {2022},
    note = {R package version 3.1.1},
    url = {https://CRAN.R-project.org/package=rpart.plot},
  }
  
@Article{coin,
    title = {Implementing a class of permutation tests: The {coin} package},
    author = {Hothorn, T. and Hornik, K. and van de Wiel, M. A. and Zeileis, A.},
    journal = {J Stat Softw},
    year = {2008},
    volume = {28},
    number = {8},
    pages = {1--23},
    doi = {10.18637/jss.v028.i08},
  }
  
@Manual{stats,
    title = {R: A Language and Environment for Statistical Computing},
    author = {{R Core Team}},
    organization = {R Foundation for Statistical Computing},
    address = {Vienna, Austria},
    year = {2023},
    url = {https://www.R-project.org/},
  }
  
@Manual{rstatix,
    title = {rstatix: Pipe-Friendly Framework for Basic Statistical Tests},
    author = {Kassambara, A.},
    year = {2023},
    note = {R package version 0.7.2},
    url = {https://CRAN.R-project.org/package=rstatix},
  }
  
@Manual{DescTools,
    title = {DescTools: Tools for Descriptive Statistics},
    author = {Signorell, A.},
    year = {2023},
    note = {R package version 0.99.49},
    url = {https://CRAN.R-project.org/package=DescTools},
  }
  
@Book{car,
   title = {An {R} Companion to Applied Regression},
    edition = {Third},
    author = {Fox, J. and Weisberg, S.},
    year = {2019},
    publisher = {Sage},
    address = {Thousand Oaks {CA}},
    url = {https://socialsciences.mcmaster.ca/jfox/Books/Companion/},
  }
  
@Article{compareGroups,
    title = {Building Bivariate Tables: The {compareGroups} Package for {R}},
    author = {Subirana, I. and Sanz, H. and Vila, J.},
    journal = {J Stat Softw},
    year = {2014},
    volume = {57},
    number = {12},
    pages = {1--16},
    url = {https://www.jstatsoft.org/v57/i12/},
  }
  
@Manual{R.utils,
    title = {R.utils: Various Programming Utilities},
    author = {Bengtsson, H.},
    year = {2022},
    note = {R package version 2.12.2},
    url = {https://CRAN.R-project.org/package=R.utils},
  }
  
@Manual{RColorBrewer,
    title = {RColorBrewer: ColorBrewer Palettes},
    author = {Neuwirth, E.},
    year = {2022},
    note = {R package version 1.1-3},
    url = {https://CRAN.R-project.org/package=RColorBrewer},
  }
  
@misc{underlyingdata, 
  title={Data associated with “survival outcomes are associated with genomic instability in luminal breast cancers”.}, 
  url={https://zenodo.org/record/5791192}, 
  journal={Zenodo}, 
  author={King, L. and Flaus, A. and Holian, E. and Golden, A.}, 
  year={2021}, 
  month={Dec}} 
  
@misc{King_2022,
title={Lydia-King/Gnosis: Gnosis}, 
url={https://zenodo.org/record/6543416}, 
journal={Zenodo}, author={King, L.}, year={2022}, month={May}}   



@Article{King_2021,
   Author="King, L.  and Flaus, A.  and Holian, E.  and Golden, A. ",
   Title="{{S}urvival outcomes are associated with genomic instability in luminal breast cancers}",
   Journal="PLoS One",
   Year="2021",
   Volume="16",
   Number="2",
   Pages="e0245042"
}

% Chapter 4: Gene Expression

@Article{pmid10851158,
   Author="Harrington, C. A.  and Rosenow, C.  and Retief, J. ",
   Title="{{M}onitoring gene expression using {D}{N}{A} microarrays}",
   Journal="Curr Opin Microbiol",
   Year="2000",
   Volume="3",
   Number="3",
   Pages="285--291",
   Month="Jun"
}

@Article{pmid19015660,
   Author="Wang, Z.  and Gerstein, M.  and Snyder, M. ",
   Title="{{R}{N}{A}-{S}eq: a revolutionary tool for transcriptomics}",
   Journal="Nat Rev Genet",
   Year="2009",
   Volume="10",
   Number="1",
   Pages="57--63",
   Month="Jan"
}

@Article{pmid17660860,
   Author="Trevino, V.  and Falciani, F.  and Barrera-Saldaña, H. A. ",
   Title="{{D}{N}{A} microarrays: a powerful genomic tool for biomedical and clinical research}",
   Journal="Mol Med",
   Year="2007",
   Volume="13",
   Number="9-10",
   Pages="527--541"
}


@Article{pmid21151591,
   Author="Tian, S.  and Roepman, P.  and Van't Veer, L. J.  and Bernards, R.  and de Snoo, F.  and Glas, A. M. ",
   Title="{{B}iological functions of the genes in the mammaprint breast cancer profile reflect the hallmarks of cancer}",
   Journal="Biomark Insights",
   Year="2010",
   Volume="5",
   Pages="129--138",
   Month="Nov"
}

@Article{pmid21559019,
   Author="Jerevall, P. L.  and Ma, X. J.  and Li, H.  and Salunga, R.  and Kesty, N. C.  and Erlander, M. G.  and Sgroi, D. C.  and Holmlund, B.  and Skoog, L.  and Fornander, T.  and Nordenskjöld, B.  and Stål, O. ",
   Title="{{P}rognostic utility of {H}{O}{X}{B}13:{I}{L}17{B}{R} and molecular grade index in early-stage breast cancer patients from the {S}tockholm trial}",
   Journal="Br J Cancer",
   Year="2011",
   Volume="104",
   Number="11",
   Pages="1762--1769",
   Month="May"
}

@Article{pmid25605792,
   Author="Ritchie, M. E.  and Phipson, B.  and Wu, D.  and Hu, Y.  and Law, C. W.  and Shi, W.  and Smyth, G. K. ",
   Title="{limma powers differential expression analyses for {R}{N}{A}-sequencing and microarray studies}",
   Journal="Nucleic Acids Res",
   Year="2015",
   Volume="43",
   Number="7",
   Pages="e47",
   Month="Apr"
}

@Article{pmid19176553,
   Author="McCarthy, D. J.  and Smyth, G. K. ",
   Title="{{T}esting significance relative to a fold-change threshold is a {T}{R}{E}{A}{T}}",
   Journal="Bioinformatics",
   Year="2009",
   Volume="25",
   Number="6",
   Pages="765--771",
   Month="Mar"
}

@Article{pmid16646809,
   Author="Smyth, G. K. ",
   Title="{{L}inear models and empirical bayes methods for assessing differential expression in microarray experiments}",
   Journal="Stat Appl Genet Mol Biol",
   Year="2004",
   Volume="3",
   Pages="Article3"
}


@manual{Illumina,
    author        = "{Illumina}",
    title         = {{HumanHT-12 v3 Expression BeadChip}},
    year          = {2010},
    url           = {https://www.illumina.com/Documents/products/datasheets/datasheet_humanht_12.pdf}
}

@manual{Affy,
    author        = "{Affymetrix}",
    title         = {{Genome-Wide Human SNP Array 6.0}},
    year          = {2009},
    url           = {https://www.cancer.gov/ccg/research/structural-genomics/tcga/using-tcga-data/technology/affymetrix-snp6-data-sheet}
}

@Article{pmid30555735,
   Author="Urbaniak, A.  and Jablonska, K.  and Podhorska-Okolow, M.  and Ugorski, M.  and Dziegiel, P. ",
   Title="{{P}rolactin-induced protein ({P}{I}{P})-characterization and role in breast cancer progression}",
   Journal="Am J Cancer Res",
   Year="2018",
   Volume="8",
   Number="11",
   Pages="2150--2164"
}

@Article{pmid11823860,
   Author="van 't Veer, L. J.  and Dai, H.  and van de Vijver, M. J.  and He, Y. D.  and Hart, A. A.  and Mao, M.  and Peterse, H. L.  and van der Kooy, K.  and Marton, M. J.  and Witteveen, A. T.  and Schreiber, G. J.  and Kerkhoven, R. M.  and Roberts, C.  and Linsley, P. S.  and Bernards, R.  and Friend, S. H. ",
   Title="{{G}ene expression profiling predicts clinical outcome of breast cancer}",
   Journal="Nature",
   Year="2002",
   Volume="415",
   Number="6871",
   Pages="530--536",
   Month="Jan"
}

@Article{pmid12490681,
   Author="van de Vijver, M. J.  and He, Y. D.  and van't Veer, L. J.  and Dai, H.  and Hart, A. A.  and Voskuil, D. W.  and Schreiber, G. J.  and Peterse, J. L.  and Roberts, C.  and Marton, M. J.  and Parrish, M.  and Atsma, D.  and Witteveen, A.  and Glas, A.  and Delahaye, L.  and van der Velde, T.  and Bartelink, H.  and Rodenhuis, S.  and Rutgers, E. T.  and Friend, S. H.  and Bernards, R. ",
   Title="{{A} gene-expression signature as a predictor of survival in breast cancer}",
   Journal="N Engl J Med",
   Year="2002",
   Volume="347",
   Number="25",
   Pages="1999--2009",
   Month="Dec"
}

@Article{pmid20204499,
   Author="Knauer, M.  and Mook, S.  and Rutgers, E. J.  and Bender, R. A.  and Hauptmann, M.  and van de Vijver, M. J.  and Koornstra, R. H.  and Bueno-de-Mesquita, J. M.  and Linn, S. C.  and van 't Veer, L. J. ",
   Title="{{T}he predictive value of the 70-gene signature for adjuvant chemotherapy in early breast cancer}",
   Journal="Breast Cancer Res Treat",
   Year="2010",
   Volume="120",
   Number="3",
   Pages="655--661",
   Month="Apr"
}

@Article{pmid15591335,
   Author="Paik, S.  and Shak, S.  and Tang, G.  and Kim, C.  and Baker, J.  and Cronin, M.  and Baehner, F. L.  and Walker, M. G.  and Watson, D.  and Park, T.  and Hiller, W.  and Fisher, E. R.  and Wickerham, D. L.  and Bryant, J.  and Wolmark, N. ",
   Title="{{A} multigene assay to predict recurrence of tamoxifen-treated, node-negative breast cancer}",
   Journal="N Engl J Med",
   Year="2004",
   Volume="351",
   Number="27",
   Pages="2817--2826",
   Month="Dec"
}

@article{DUFFY2017284,
title = {Clinical use of biomarkers in breast cancer: Updated guidelines from the European Group on Tumor Markers (EGTM)},
journal = {Eur J Cancer},
volume = {75},
pages = {284-298},
year = {2017},
issn = {0959-8049},
doi = {https://doi.org/10.1016/j.ejca.2017.01.017},
url = {https://www.sciencedirect.com/science/article/pii/S0959804917300758},
author = {Duffy, M. J. and Harbeck, N. and Nap, M. and Molina, R. and Nicolini, A. and Senkus, E. and Cardoso, F.},
keywords = {Breast cancer, Guidelines, Biomarkers, Gene signatures, EGTM},
}

@Article{pmid15193263,
   Author="Ma, X. J.  and Wang, Z.  and Ryan, P. D.  and Isakoff, S. J.  and Barmettler, A.  and Fuller, A.  and Muir, B.  and Mohapatra, G.  and Salunga, R.  and Tuggle, J. T.  and Tran, Y.  and Tran, D.  and Tassin, A.  and Amon, P.  and Wang, W.  and Wang, W.  and Enright, E.  and Stecker, K.  and Estepa-Sabal, E.  and Smith, B.  and Younger, J.  and Balis, U.  and Michaelson, J.  and Bhan, A.  and Habin, K.  and Baer, T. M.  and Brugge, J.  and Haber, D. A.  and Erlander, M. G.  and Sgroi, D. C. ",
   Title="{{A} two-gene expression ratio predicts clinical outcome in breast cancer patients treated with tamoxifen}",
   Journal="Cancer Cell",
   Year="2004",
   Volume="5",
   Number="6",
   Pages="607--616",
   Month="Jun"
}

@Article{pmid18451222,
   Author="Ma, X. J.  and Salunga, R.  and Dahiya, S.  and Wang, W.  and Carney, E.  and Durbecq, V.  and Harris, A.  and Goss, P.  and Sotiriou, C.  and Erlander, M.  and Sgroi, D. ",
   Title="{{A} five-gene molecular grade index and {H}{O}{X}{B}13:{I}{L}17{B}{R} are complementary prognostic factors in early stage breast cancer}",
   Journal="Clin Cancer Res",
   Year="2008",
   Volume="14",
   Number="9",
   Pages="2601--2608",
   Month="May"
}

@Article{pmid31067633,
   Author="Dastsooz, H.  and Cereda, M.  and Donna, D.  and Oliviero, S. ",
   Title="{A Comprehensive Bioinformatics Analysis of UBE2C in Cancers}",
   Journal="Int J Mol Sci",
   Year="2019",
   Volume="20",
   Number="9",
   Month="May"
}

@Article{pmid33681290,
   Author="Huang, H.  and Zhou, W.  and Chen, R.  and Xiang, B.  and Zhou, S.  and Lan, L. ",
   Title="{{C}{X}{C}{L}10 is a {T}umor {M}icroenvironment and {I}mmune {I}nfiltration {R}elated {P}rognostic {B}iomarker in {P}ancreatic {A}denocarcinoma}",
   Journal="Front Mol Biosci",
   Year="2021",
   Volume="8",
   Pages="611508"
}

@Article{pmid21195708,
   Author="Andersen, K.  and Mori, H.  and Fata, J.  and Bascom, J.  and Øyjord, T.  and M{\ae}landsmo, G. M.  and Bissell, M. ",
   Title="{{T}he metastasis-promoting protein {S}100{A}4 regulates mammary branching morphogenesis}",
   Journal="Dev Biol",
   Year="2011",
   Volume="352",
   Number="2",
   Pages="181--190",
   Month="Apr"
}


@Article{pmid26560478,
   Author="Werner, S.  and Stamm, H.  and Pandjaitan, M.  and Kemming, D.  and Brors, B.  and Pantel, K.  and Wikman, H. ",
   Title="{{I}roquois homeobox 2 suppresses cellular motility and chemokine expression in breast cancer cells}",
   Journal="BMC Cancer",
   Year="2015",
   Volume="15",
   Pages="896",
   Month="Nov"
}

@Article{pmid20664598,
   Author="Dawson, S. J.  and Makretsov, N.  and Blows, F. M.  and Driver, K. E.  and Provenzano, E.  and Le Quesne, J.  and Baglietto, L.  and Severi, G.  and Giles, G. G.  and McLean, C. A.  and Callagy, G.  and Green, A. R.  and Ellis, I.  and Gelmon, K.  and Turashvili, G.  and Leung, S.  and Aparicio, S.  and Huntsman, D.  and Caldas, C.  and Pharoah, P. ",
   Title="{{B}{C}{L}2 in breast cancer: a favourable prognostic marker across molecular subtypes and independent of adjuvant therapy received}",
   Journal="Br J Cancer",
   Year="2010",
   Volume="103",
   Number="5",
   Pages="668--675",
   Month="Aug"
}

% Chapter 5: ASCAT 
@Article{pmid20837533,
   Author="Van Loo, P.  and Nordgard, S. H.  and Lingj{\ae}rde, O. C.  and Russnes, H. G.  and Rye, I. H.  and Sun, W.  and Weigman, V. J.  and Marynen, P.  and Zetterberg, A.  and Naume, B.  and Perou, C. M.  and B{\o{}}rresen-Dale, A. L.  and Kristensen, V. N. ",
   Title="{{A}llele-specific copy number analysis of tumors}",
   Journal="Proc Natl Acad Sci U S A",
   Year="2010",
   Volume="107",
   Number="39",
   Pages="16910--16915",
   Month="Sep"
}

@Article{pmid25477383,
   Author="Chen, H.  and Bell, J. M.  and Zavala, N. A.  and Ji, H. P.  and Zhang, N. R. ",
   Title="{{A}llele-specific copy number profiling by next-generation {D}{N}{A} sequencing}",
   Journal="Nucleic Acids Res",
   Year="2015",
   Volume="43",
   Number="4",
   Pages="e23",
   Month="Feb"
}

@Article{pmid22023820,
   Author="Rasmussen, M.  and Sundström, M.  and Göransson-Kultima, H.  and Botling, J.  and Micke, P.  and Birgisson, H.  and Glimelius, B.  and Isaksson, A. ",
   Title="{{A}llele-specific copy number analysis of tumor samples with aneuploidy and tumor heterogeneity}",
   Journal="Genome Biol",
   Year="2011",
   Volume="12",
   Number="10",
   Pages="R108",
   Month="Oct"
}

@Article{pmid21666266,
   Author="Olshen, A. B.  and Bengtsson, H.  and Neuvial, P.  and Spellman, P. T.  and Olshen, R. A.  and Seshan, V. E. ",
   Title="{{P}arent-specific copy number in paired tumor-normal studies using circular binary segmentation}",
   Journal="Bioinformatics",
   Year="2011",
   Volume="27",
   Number="15",
   Pages="2038--2046",
   Month="Aug"
}

@Article{pmid17921354,
   Author="Wang, K.  and Li, M.  and Hadley, D.  and Liu, R.  and Glessner, J.  and Grant, S. F.  and Hakonarson, H.  and Bucan, M. ",
   Title="{{P}enn{C}{N}{V}: an integrated hidden {M}arkov model designed for high-resolution copy number variation detection in whole-genome {S}{N}{P} genotyping data}",
   Journal="Genome Res",
   Year="2007",
   Volume="17",
   Number="11",
   Pages="1665--1674",
   Month="Nov"
}

@article{CIANI2022183,
title = {Allele-specific genomic data elucidate the role of somatic gain and copy-number neutral loss of heterozygosity in cancer},
journal = {Cell Syst},
volume = {13},
number = {2},
pages = {183-193.e7},
year = {2022},
issn = {2405-4712},
doi = {https://doi.org/10.1016/j.cels.2021.10.001},
url = {https://www.sciencedirect.com/science/article/pii/S2405471221003835},
author = {Ciani, Y. and Fedrizzi, T. and Prandi, D. and Lorenzin, F. and Locallo, A. and Gasperini, P. and Franceschini, G. M. and Benelli, M. and Elemento, O. and Fava, L. L. and Inga, A. and Demichelis F.},
keywords = {cancer, allele specific, ploidy, genomic instability, somatic copy number, , loss of heterozygosity}
}

@Article{pmid27270079,
   Author="Shen, R.  and Seshan, V. E. ",
   Title="{{F}{A}{C}{E}{T}{S}: allele-specific copy number and clonal heterogeneity analysis tool for high-throughput {D}{N}{A} sequencing}",
   Journal="Nucleic Acids Res",
   Year="2016",
   Volume="44",
   Number="16",
   Pages="e131",
   Month="Sep"
}

@Article{pmid35705804,
   Author="Steele, C. D.  and Abbasi, A.  and Islam, S. M. A.  and Bowes, A. L.  and Khandekar, A.  and Haase, K.  and Hames-Fathi, S.  and Ajayi, D.  and Verfaillie, A.  and Dhami, P.  and McLatchie, A.  and Lechner, M.  and Light, N.  and Shlien, A.  and Malkin, D.  and Feber, A.  and Proszek, P.  and Lesluyes, T.  and Mertens, F.  and Flanagan, A. M.  and Tarabichi, M.  and Van Loo, P.  and Alexandrov, L. B.  and Pillay, N. ",
   Title="{{S}ignatures of copy number alterations in human cancer}",
   Journal="Nature",
   Year="2022",
   Volume="606",
   Number="7916",
   Pages="984--991",
   Month="Jun"
}

@Article{pmid23531354,
   Author="Mayrhofer, M.  and DiLorenzo, S.  and Isaksson, A. ",
   Title="{{P}atchwork: allele-specific copy number analysis of whole-genome sequenced tumor tissue}",
   Journal="Genome Biol",
   Year="2013",
   Volume="14",
   Number="3",
   Pages="R24",
   Month="Mar"
}

@Article{pmid26205786,
   Author="Cutcutache, I.  and Wu, A. Y.  and Suzuki, Y.  and McPherson, J. R.  and Lei, Z.  and Deng, N.  and Zhang, S.  and Wong, W. K.  and Soo, K. C.  and Chan, W. H.  and Ooi, L. L.  and Welsch, R.  and Tan, P.  and Rozen, S. G. ",
   Title="{{A}bundant copy-number loss of {C}{Y}{C}{L}{O}{P}{S} and {S}{T}{O}{P} genes in gastric adenocarcinoma}",
   Journal="Gastric Cancer",
   Year="2016",
   Volume="19",
   Number="2",
   Pages="453--465",
   Month="Apr"
}

@Article{pmid36944408,
   Author="Glodzik, D.  and Selenica, P.  and Rogge, R. A.  and Silverman, I. M.  and Mandelker, D.  and Harris, S.  and Zhao, J.  and Zinda, M.  and Veloso, A.  and Malani, N.  and Riaz, N.  and Koehler, M.  and Daber, R. D.  and Johnson, V.  and Rimkunas, V.  and Reis-Filho, J. S. ",
   Title="{{D}etection of {B}iallelic {L}oss of {D}{N}{A} {R}epair {G}enes in {F}ormalin-{F}ixed, {P}araffin-{E}mbedded {T}umor {S}amples {U}sing a {N}ovel {T}umor-{O}nly {S}equencing {P}anel}",
   Journal="J Mol Diagn",
   Year="2023",
   Volume="25",
   Number="5",
   Pages="295--310",
   Month="May"
}

@Article{pmid26111507,
   Author="Lappalainen, I.  and Almeida-King, J.  and Kumanduri, V.  and Senf, A.  and Spalding, J. D.  and Ur-Rehman, S.  and Saunders, G.  and Kandasamy, J.  and Caccamo, M.  and Leinonen, R.  and Vaughan, B.  and Laurent, T.  and Rowland, F.  and Marin-Garcia, P.  and Barker, J.  and Jokinen, P.  and Torres, A. C.  and de Argila, J. R.  and Llobet, O. M.  and Medina, I.  and Puy, M. S.  and Alberich, M.  and de la Torre, S.  and Navarro, A.  and Paschall, J.  and Flicek, P. ",
   Title="{{T}he {E}uropean {G}enome-phenome {A}rchive of human data consented for biomedical research}",
   Journal="Nat Genet",
   Year="2015",
   Volume="47",
   Number="7",
   Pages="692--695",
   Month="Jul"
}

@Article{MCMCglmm,
    title = {MCMC Methods for Multi-Response Generalized Linear Mixed Models: The {MCMCglmm} {R} Package},
    author = {Hadfield, J. D.},
    journal = {J Stat Softw},
    year = {2010},
    volume = {33},
    number = {2},
    pages = {1--22},
    url = {https://www.jstatsoft.org/v33/i02/},
}

 @Manual{GB,
    title = {GeneBreak: Gene Break Detection},
    author = {van den Broek, E. and van Lieshout, S.},
    year = {2023},
    note = {R package version 1.31.0},
    url = {https://bioconductor.org/packages/GeneBreak},
    doi = {10.18129/B9.bioc.GeneBreak},
  }
